
2020-09-30 * "龍佳" "/"
  trade_time: "2020-09-30 23:39:29"
  Assets:Bank:微信钱包   0.78 CNY
  Income:Other:收红包  -0.78 CNY

2020-09-30 * "余岳" "/"
  trade_time: "2020-09-30 23:33:15"
  Assets:Bank:微信钱包   0.96 CNY
  Income:Other:收红包  -0.96 CNY

2020-09-30 * "仟吉西饼" "武汉锦绣龙城店门厅条码支付"
  trade_time: "2020-09-30 20:21:59"
  Liabilities:CreditCard:交通银行4830  -5.5 CNY
  Expenses:Food:日常吃喝                5.5 CNY

2020-09-30 * "慕臣便利锦绣龙城店" "收款方备注:二维码收款"
  trade_time: "2020-09-30 19:57:47"
  Assets:Bank:微信钱包    -2 CNY
  Expenses:Food:日常吃喝   2 CNY

2020-09-30 * "廖记棒棒鸡" "廖记棒棒鸡（锦绣龙城店）-条码支付"
  trade_time: "2020-09-30 18:43:18"
  Liabilities:CreditCard:交通银行4830  -74.3 CNY
  Expenses:Food:日常吃喝                74.3 CNY

2020-09-30 * "和炎记老字号牛肉粉面龙城路店" "和炎记老字号牛肉粉面武汉龙城路店"
  trade_time: "2020-09-30 07:37:12"
  Liabilities:CreditCard:交通银行4830  -8.5 CNY
  Expenses:Food:日常吃喝                8.5 CNY

2020-09-29 * "滴滴出行" "滴滴打车-吕师傅"
  trade_time: "2020-09-29 23:30:35"
  Liabilities:CreditCard:招商银行9619  -58.5 CNY
  Expenses:Transport:打车             58.5 CNY

2020-09-29 * "粤港茶餐厅" "MTDP-粤港茶餐厅"
  trade_time: "2020-09-29 13:01:08"
  Liabilities:CreditCard:交通银行4830  -28 CNY
  Expenses:Food:日常吃喝                28 CNY

2020-09-29 * "北京爱家营企业管理有限公司" "北京爱家营企业管理有限公司"
  trade_time: "2020-09-29 12:10:41"
  Liabilities:CreditCard:招商银行9619  -3200 CNY
  Expenses:Housing:房租               3200 CNY

2020-09-29 * "众客食坊" "众客食坊-金辉国际店可味美食广场"
  trade_time: "2020-09-29 10:14:59"
  Liabilities:CreditCard:交通银行4830  -13 CNY
  Expenses:Food:日常吃喝                13 CNY

2020-09-29 * "滴滴出行" "滴滴打车-张师傅"
  trade_time: "2020-09-29 09:37:47"
  Liabilities:CreditCard:招商银行9619  -10 CNY
  Expenses:Transport:打车             10 CNY

2020-09-28 * "陕味印象.油泼面" "总共消费:25.0"
  trade_time: "2020-09-28 18:21:50"
  Liabilities:CreditCard:招商银行9619  -25 CNY
  Expenses:Food:日常吃喝                25 CNY

2020-09-28 * "众客食坊" "众客食坊-金辉国际店可味美食广场"
  trade_time: "2020-09-28 09:57:03"
  Liabilities:CreditCard:交通银行4830  -4 CNY
  Expenses:Food:日常吃喝                4 CNY

2020-09-28 * "雄安餐饮" "窝窝支付_甘粮(金辉大厦店)_甘粮早餐_1489"
  trade_time: "2020-09-28 09:56:16"
  Liabilities:CreditCard:招商银行9619  -8.5 CNY
  Expenses:Food:日常吃喝                8.5 CNY

2020-09-27 * "和牛铁板烧" "MTDP-和牛铁板烧"
  trade_time: "2020-09-27 18:01:53"
  Liabilities:CreditCard:招商银行9619  -20 CNY
  Expenses:Food:日常吃喝                20 CNY

2020-09-27 * "椒羞" "美团点评点餐订单-0927253547622"
  trade_time: "2020-09-27 12:53:32"
  Liabilities:CreditCard:招商银行9619  -26 CNY
  Expenses:Food:日常吃喝                26 CNY

2020-09-27 * "众客食坊" "众客食坊-金辉国际店可味美食广场"
  trade_time: "2020-09-27 10:17:24"
  Liabilities:CreditCard:交通银行4830  -4 CNY
  Expenses:Food:日常吃喝                4 CNY

2020-09-27 * "雄安餐饮" "窝窝支付_甘粮(金辉大厦店)_甘粮早餐_1466"
  trade_time: "2020-09-27 10:16:51"
  Liabilities:CreditCard:招商银行9619  -5.7 CNY
  Expenses:Food:日常吃喝                5.7 CNY

2020-09-26 * "速绿充电" "速绿免押租借充电宝"
  trade_time: "2020-09-26 19:23:15"
  Liabilities:CreditCard:招商银行9619  -3 CNY
  Expenses:Consumption:充电宝          3 CNY

2020-09-26 * "肯德基" "KFC_PREWXPBJN4981601084403516152127"
  trade_time: "2020-09-26 09:40:11"
  Liabilities:CreditCard:招商银行9619  -16 CNY
  Expenses:Food:日常吃喝                16 CNY

2020-09-25 * "美团/大众点评" "美团充电宝"
  trade_time: "2020-09-25 22:08:40"
  Liabilities:CreditCard:交通银行4830  -6 CNY
  Expenses:Consumption:充电宝          6 CNY

2020-09-25 * "Apple" "App Store & Apple Music: 于 09.25完成的购买@哔哩哔哩首月会员"
  trade_time: "2020-09-25 19:53:07"
  Assets:Bank:微信钱包             -9 CNY
  Expenses:Consumption:软件订阅购买   9 CNY

2020-09-25 * "椒羞" "美团收银739071504494473216"
  trade_time: "2020-09-25 19:42:02"
  Liabilities:CreditCard:交通银行4830  -29 CNY
  Expenses:Food:日常吃喝                29 CNY

2020-09-25 * "友宝" "百岁山矿泉水570ml"
  trade_time: "2020-09-25 16:51:31"
  Liabilities:CreditCard:招商银行9619  -3 CNY
  Expenses:Food:日常吃喝                3 CNY

2020-09-25 * "友宝" "百岁山矿泉水570ml"
  trade_time: "2020-09-25 16:51:11"
  Liabilities:CreditCard:招商银行9619  -3 CNY
  Expenses:Favor:同事人情               3 CNY

2020-09-25 * "友宝" "百岁山矿泉水570ml"
  trade_time: "2020-09-25 16:50:43"
  Liabilities:CreditCard:招商银行9619  -3 CNY
  Expenses:Favor:同事人情               3 CNY

2020-09-25 * "友宝" "百岁山矿泉水570ml"
  trade_time: "2020-09-25 16:50:22"
  Liabilities:CreditCard:招商银行9619  -3 CNY
  Expenses:Favor:同事人情               3 CNY

2020-09-25 * "友宝" "百岁山矿泉水570ml"
  trade_time: "2020-09-25 16:49:46"
  Liabilities:CreditCard:招商银行9619  -3 CNY
  Expenses:Favor:同事人情               3 CNY

2020-09-25 * "椒羞" "美团点评点餐订单-0925203271514"
  trade_time: "2020-09-25 12:48:19"
  Liabilities:CreditCard:招商银行9619  -26 CNY
  Expenses:Food:日常吃喝                26 CNY

2020-09-25 * "众客食坊" "众客食坊-金辉国际店可味美食广场"
  trade_time: "2020-09-25 10:14:57"
  Liabilities:CreditCard:交通银行4830  -4 CNY
  Expenses:Food:日常吃喝                4 CNY

2020-09-25 * "雄安餐饮" "窝窝支付_甘粮(金辉大厦店)_甘粮早餐_0992"
  trade_time: "2020-09-25 10:14:12"
  Liabilities:CreditCard:招商银行9619  -6 CNY
  Expenses:Food:日常吃喝                6 CNY

2020-09-24 * "椒羞" "美团点评点餐订单-0924144428504"
  trade_time: "2020-09-24 18:25:23"
  Liabilities:CreditCard:招商银行9619  -32 CNY
  Expenses:Food:日常吃喝                32 CNY

2020-09-24 * "众客食坊" "众客食坊-金辉国际店可味美食广场"
  trade_time: "2020-09-24 10:03:25"
  Liabilities:CreditCard:交通银行4830  -4 CNY
  Expenses:Food:日常吃喝                4 CNY

2020-09-24 * "雄安餐饮" "窝窝支付_甘粮(金辉大厦店)_甘粮早餐_1786"
  trade_time: "2020-09-24 10:02:30"
  Liabilities:CreditCard:招商银行9619  -6 CNY
  Expenses:Food:日常吃喝                6 CNY

2020-09-23 * "滴滴出行" "滴滴打车-赵师傅"
  trade_time: "2020-09-23 23:11:56"
  Liabilities:CreditCard:招商银行9619  -87 CNY
  Assets:Receivables:公司报销           87 CNY

2020-09-23 * "本家韩国料理（望京店）" "总共消费:121.0@蒋朋、士峰 "
  trade_time: "2020-09-23 19:09:51"
  Liabilities:CreditCard:招商银行9619  -121 CNY
  Expenses:Favor:同事人情               121 CNY

2020-09-23 * "粤港茶餐厅" "MTDP-粤港茶餐厅"
  trade_time: "2020-09-23 12:07:17"
  Liabilities:CreditCard:交通银行4830  -28 CNY
  Expenses:Food:日常吃喝                28 CNY

2020-09-23 * "众客食坊" "众客食坊-金辉国际店可味美食广场"
  trade_time: "2020-09-23 10:10:02"
  Liabilities:CreditCard:交通银行4830  -4 CNY
  Expenses:Food:日常吃喝                4 CNY

2020-09-23 * "雄安餐饮" "窝窝支付_甘粮(金辉大厦店)_甘粮早餐_8764"
  trade_time: "2020-09-23 10:06:12"
  Liabilities:CreditCard:招商银行9619  -6 CNY
  Expenses:Food:日常吃喝                6 CNY

2020-09-23 * "李万忠530" "收款方备注:二维码收款"
  trade_time: "2020-09-23 09:32:01"
  Assets:Bank:微信钱包       -5 CNY
  Expenses:Transport:打车   5 CNY

2020-09-22 * "3号楼108超市" "收款方备注:二维码收款"
  trade_time: "2020-09-22 14:27:55"
  Assets:Bank:微信钱包    -30.6 CNY
  Expenses:Food:日常吃喝   30.6 CNY

2020-09-21 * "3号楼108超市" "收款方备注:二维码收款"
  trade_time: "2020-09-21 21:44:37"
  Assets:Bank:微信钱包    -2 CNY
  Expenses:Food:日常吃喝   2 CNY

2020-09-21 * "雄安餐饮" "窝窝支付_甘粮(金辉大厦店)_甘粮早餐_6540"
  trade_time: "2020-09-21 10:32:16"
  Liabilities:CreditCard:招商银行9619  -1 CNY
  Expenses:Food:日常吃喝                1 CNY

2020-09-21 * "出租车.15910450485" "收款方备注:二维码收款"
  trade_time: "2020-09-21 09:57:04"
  Assets:Bank:微信钱包       -10 CNY
  Expenses:Transport:打车   10 CNY

2020-09-20 * "赵银红" " "
  trade_time: "2020-09-20 20:08:24"
  Assets:Bank:微信钱包    -38 CNY
  Expenses:Food:日常吃喝   38 CNY

2020-09-20 * "肯德基" "KFC_PREWXPBJN4981600597015909237813"
  trade_time: "2020-09-20 18:17:04"
  Liabilities:CreditCard:招商银行9619  -38 CNY
  Expenses:Food:日常吃喝                38 CNY

2020-09-18 * "滴滴出行" "滴滴打车-李师傅"
  trade_time: "2020-09-18 22:39:29"
  Liabilities:CreditCard:招商银行9619  -75 CNY
  Assets:Receivables:公司报销           75 CNY

2020-09-18 * "椒羞" "美团收银736417409119985664"
  trade_time: "2020-09-18 11:55:36"
  Liabilities:CreditCard:交通银行4830  -37 CNY
  Expenses:Food:日常吃喝                37 CNY

2020-09-18 * "二少" "收款方备注:二维码收款"
  trade_time: "2020-09-18 09:44:18"
  Assets:Bank:微信钱包       -10 CNY
  Expenses:Transport:打车   10 CNY

2020-09-17 * "张一鸣" "转账备注:微信转账"
  trade_time: "2020-09-17 22:32:45"
  Assets:Bank:微信钱包           86 CNY
  Assets:Receivables:记账过渡户  -86 CNY

2020-09-17 * "滴滴出行" "滴滴打车-何师傅"
  trade_time: "2020-09-17 22:29:43"
  Liabilities:CreditCard:招商银行9619  -86 CNY
  Assets:Receivables:记账过渡户          86 CNY

2020-09-17 * "众客食坊" "众客食坊-金辉国际店可味美食广场"
  trade_time: "2020-09-17 09:58:10"
  Liabilities:CreditCard:交通银行4830  -4 CNY
  Expenses:Food:日常吃喝                4 CNY

2020-09-17 * "雄安餐饮" "窝窝支付_甘粮(金辉大厦店)_甘粮早餐_7870"
  trade_time: "2020-09-17 09:57:33"
  Liabilities:CreditCard:招商银行9619  -8.5 CNY
  Expenses:Food:日常吃喝                8.5 CNY

2020-09-16 * "椒羞" "美团收银735697285882740736"
  trade_time: "2020-09-16 12:14:05"
  Liabilities:CreditCard:交通银行4830  -29 CNY
  Expenses:Food:日常吃喝                29 CNY

2020-09-16 * "智行" "智行"
  trade_time: "2020-09-16 12:01:23"
  Liabilities:CreditCard:招商银行9619   520.5 CNY
  Expenses:Transport:火车            -520.5 CNY

2020-09-16 * "滴滴出行" "滴滴打车-李师傅"
  trade_time: "2020-09-16 10:06:56"
  Liabilities:CreditCard:招商银行9619  -132 CNY
  Assets:Receivables:公司报销           132 CNY

2020-09-15 * "滴滴出行" "滴滴打车-刘师傅"
  trade_time: "2020-09-15 23:20:46"
  Liabilities:CreditCard:招商银行9619  -89 CNY
  Assets:Receivables:公司报销           89 CNY

2020-09-15 * "友宝" "百岁山矿泉水570ml"
  trade_time: "2020-09-15 14:21:47"
  Liabilities:CreditCard:招商银行9619  -3 CNY
  Expenses:Food:日常吃喝                3 CNY

2020-09-15 * "众客食坊" "众客食坊-金辉国际店可味美食广场"
  trade_time: "2020-09-15 10:17:13"
  Liabilities:CreditCard:交通银行4830  -4 CNY
  Expenses:Food:日常吃喝                4 CNY

2020-09-15 * "雄安餐饮" "窝窝支付_甘粮(金辉大厦店)_甘粮早餐_9876"
  trade_time: "2020-09-15 10:10:56"
  Liabilities:CreditCard:招商银行9619  -8 CNY
  Expenses:Food:日常吃喝                8 CNY

2020-09-15 * "自由人" "收款方备注:二维码收款"
  trade_time: "2020-09-15 09:39:03"
  Assets:Bank:微信钱包       -5 CNY
  Expenses:Transport:打车   5 CNY

2020-09-14 * "滴滴出行" "滴滴打车-张师傅"
  trade_time: "2020-09-14 23:45:59"
  Liabilities:CreditCard:招商银行9619  -89 CNY
  Assets:Receivables:公司报销           89 CNY

2020-09-14 * "椒羞" "美团收银735062007522430976"
  trade_time: "2020-09-14 18:09:43"
  Liabilities:CreditCard:交通银行4830  -21 CNY
  Expenses:Food:日常吃喝                21 CNY

2020-09-14 * "🇨🇳🇨🇳扶我起来" "/"
  trade_time: "2020-09-14 18:04:10"
  Assets:Bank:微信钱包    -117.5 CNY
  Expenses:Food:工作聚餐   117.5 CNY

2020-09-14 * "luciusvorenus" "/" #20200911-TeamBuilding
  trade_time: "2020-09-14 12:39:41"
  Assets:Bank:微信钱包           100 CNY
  Assets:Receivables:记账过渡户  -100 CNY

2020-09-14 * "美团点评平台商户" "美团订单-20091410100000000005211752684421"
  trade_time: "2020-09-14 12:27:57"
  Liabilities:CreditCard:招商银行9619  -20 CNY
  Expenses:Food:日常吃喝                20 CNY

2020-09-14 * "广州骑安" "单车"
  trade_time: "2020-09-14 10:54:19"
  Liabilities:CreditCard:招商银行9619  -1 CNY
  Expenses:Transport:单车             1 CNY

2020-09-14 * "雄安餐饮" "窝窝支付_甘粮(金辉大厦店)_甘粮早餐_9415"
  trade_time: "2020-09-14 10:40:22"
  Liabilities:CreditCard:招商银行9619  -8.5 CNY
  Expenses:Food:日常吃喝                8.5 CNY

2020-09-14 * "众客食坊" "众客食坊-金辉国际店可味美食广场"
  trade_time: "2020-09-14 10:39:45"
  Liabilities:CreditCard:交通银行4830  -4 CNY
  Expenses:Food:日常吃喝                4 CNY

2020-09-12 * "花小猪打车" "花小猪"
  trade_time: "2020-09-12 14:10:54"
  Liabilities:CreditCard:招商银行9619  -11.64 CNY
  Expenses:Transport:打车             11.64 CNY

2020-09-12 * "怪兽充电" "每24小时封顶18元"
  trade_time: "2020-09-12 13:50:10"
  Liabilities:CreditCard:浦发银行5278  -6 CNY
  Expenses:Consumption:充电宝          6 CNY

2020-09-12 * "永和豆浆" "永和豆浆"
  trade_time: "2020-09-12 12:08:36"
  Liabilities:CreditCard:交通银行4830  -18 CNY
  Expenses:Food:日常吃喝                18 CNY

2020-09-12 * "华联生活超市" "收款方备注:二维码收款"
  trade_time: "2020-09-12 12:04:48"
  Assets:Bank:微信钱包    -2 CNY
  Expenses:Food:日常吃喝   2 CNY

2020-09-12 * "花小猪打车" "花小猪"
  trade_time: "2020-09-12 11:26:56"
  Liabilities:CreditCard:招商银行9619  -11.26 CNY
  Expenses:Transport:打车             11.26 CNY

2020-09-12 * "张团利" " " #20200911-TeamBuilding
  trade_time: "2020-09-12 02:29:30"
  Assets:Bank:微信钱包           100 CNY
  Assets:Receivables:记账过渡户  -100 CNY

2020-09-12 * "滴滴出行" "滴滴快车-毛师傅-09月12日行程"
  trade_time: "2020-09-12 02:29:19"
  Liabilities:CreditCard:招商银行9619  -75.76 CNY
  Assets:Receivables:公司报销           75.76 CNY

2020-09-12 * "滴滴出行" "滴滴打车-熊师傅"
  trade_time: "2020-09-12 01:29:51"
  Liabilities:CreditCard:招商银行9619  -18 CNY
  Expenses:Transport:打车             18 CNY

2020-09-12 * "滴滴出行" "滴滴快车-姜师傅-09月11日行程"
  trade_time: "2020-09-12 01:15:30"
  Liabilities:CreditCard:招商银行9619  -14 CNY
  Expenses:Transport:打车             14 CNY

2020-09-12 * "发给张团利" "/" #20200911-TeamBuilding
  trade_time: "2020-09-12 01:14:53"
  Assets:Bank:微信钱包          -60 CNY
  Assets:Receivables:记账过渡户   60 CNY

2020-09-12 * "🤪🤪斐" "/" #20200911-TeamBuilding
  trade_time: "2020-09-12 01:14:20"
  Assets:Bank:微信钱包           38 CNY
  Assets:Receivables:记账过渡户  -38 CNY

2020-09-12 * "宋博" "转账备注:微信转账" #20200911-TeamBuilding
  trade_time: "2020-09-12 01:12:59"
  Assets:Bank:微信钱包          -165 CNY
  Assets:Receivables:记账过渡户   165 CNY

2020-09-12 * "宋博" "/" #20200911-TeamBuilding
  trade_time: "2020-09-12 01:12:43"
  Assets:Bank:微信钱包           100 CNY
  Assets:Receivables:记账过渡户  -100 CNY

2020-09-12 * "蒋朋" "转账备注:微信转账" #20200911-TeamBuilding
  trade_time: "2020-09-12 01:12:10"
  Assets:Bank:微信钱包          -220 CNY
  Assets:Receivables:记账过渡户   220 CNY

2020-09-12 * "张术雄" "转账备注:微信转账" #20200911-TeamBuilding
  trade_time: "2020-09-12 01:10:22"
  Assets:Bank:微信钱包          -135 CNY
  Assets:Receivables:记账过渡户   135 CNY

2020-09-12 * "Simon" "转账备注:微信转账" #20200911-TeamBuilding
  trade_time: "2020-09-12 01:09:36"
  Assets:Bank:微信钱包          -50 CNY
  Assets:Receivables:记账过渡户   50 CNY

2020-09-12 * "Simon" "/" #20200911-TeamBuilding
  trade_time: "2020-09-12 01:09:26"
  Assets:Bank:微信钱包           100 CNY
  Assets:Receivables:记账过渡户  -100 CNY

2020-09-12 * "架构组-黄俊" "转账备注:微信转账" #20200911-TeamBuilding
  trade_time: "2020-09-12 01:08:32"
  Assets:Bank:微信钱包          -60 CNY
  Assets:Receivables:记账过渡户   60 CNY

2020-09-12 * "林思旸" "转账备注:微信转账" #20200911-TeamBuilding
  trade_time: "2020-09-12 01:08:04"
  Assets:Bank:微信钱包          -53 CNY
  Assets:Receivables:记账过渡户   53 CNY

2020-09-12 * "林思旸" "转账备注:微信转账" #20200911-TeamBuilding
  trade_time: "2020-09-12 00:46:33"
  Assets:Bank:微信钱包          -100 CNY
  Assets:Receivables:记账过渡户   100 CNY

2020-09-11 * "在野" "/" #20200911-TeamBuilding
  trade_time: "2020-09-11 23:16:44"
  Assets:Bank:微信钱包           100 CNY
  Assets:Receivables:记账过渡户  -100 CNY

2020-09-11 * "林思旸" "转账备注:微信转账" #20200911-TeamBuilding
  trade_time: "2020-09-11 23:16:31"
  Assets:Bank:微信钱包           100 CNY
  Assets:Receivables:记账过渡户  -100 CNY

2020-09-11 * "Jerry" "/" #20200911-TeamBuilding
  trade_time: "2020-09-11 23:16:07"
  Assets:Bank:微信钱包           100 CNY
  Assets:Receivables:记账过渡户  -100 CNY

2020-09-11 * "雄安餐饮" "窝窝支付_甘粮(金辉大厦店)_甘粮早餐_2725"
  trade_time: "2020-09-11 09:52:03"
  Liabilities:CreditCard:招商银行9619  -9 CNY
  Expenses:Food:日常吃喝                9 CNY

2020-09-11 * "齐佳" "收款方备注:二维码收款"
  trade_time: "2020-09-11 09:16:39"
  Assets:Bank:微信钱包       -5 CNY
  Expenses:Transport:打车   5 CNY

2020-09-10 * "滴滴出行" "滴滴打车-闫师傅"
  trade_time: "2020-09-10 22:38:18"
  Liabilities:CreditCard:招商银行9619  -85 CNY
  Assets:Receivables:公司报销           85 CNY

2020-09-10 * "粤港茶餐厅" "MTDP-粤港茶餐厅"
  trade_time: "2020-09-10 19:11:39"
  Liabilities:CreditCard:交通银行4830  -28 CNY
  Expenses:Food:日常吃喝                28 CNY

2020-09-10 * "众客食坊" "众客食坊-金辉国际店可味美食广场"
  trade_time: "2020-09-10 10:28:16"
  Liabilities:CreditCard:交通银行4830  -14 CNY
  Expenses:Food:日常吃喝                14 CNY

2020-09-09 * "滴滴出行" "滴滴打车-佟师傅"
  trade_time: "2020-09-09 22:28:24"
  Liabilities:CreditCard:招商银行9619  -61 CNY
  Assets:Receivables:公司报销           61 CNY

2020-09-09 * "精品快餐" "MTDP-精品快餐"
  trade_time: "2020-09-09 18:06:22"
  Liabilities:CreditCard:交通银行4830  -19 CNY
  Expenses:Food:日常吃喝                19 CNY

2020-09-09 * "友宝" "脉动青柠味维生素饮料600ml"
  trade_time: "2020-09-09 14:55:32"
  Liabilities:CreditCard:招商银行9619  -6 CNY
  Expenses:Food:日常吃喝                6 CNY

2020-09-09 * "中国铁路总公司资金清算中心" "12306消费"
  trade_time: "2020-09-09 13:32:39"
  Liabilities:CreditCard:招商银行9619  -520.5 CNY
  Expenses:Transport:火车             520.5 CNY

2020-09-09 * "滴滴出行" "滴滴打车-王师傅"
  trade_time: "2020-09-09 00:35:27"
  Liabilities:CreditCard:招商银行9619  -87 CNY
  Assets:Receivables:公司报销           87 CNY

2020-09-08 * "滴滴出行" "滴滴专车-李师傅-09月04日行程"
  trade_time: "2020-09-08 23:19:57"
  Liabilities:CreditCard:招商银行9619  -96.24 CNY
  Assets:Receivables:公司报销           96.24 CNY

2020-09-08 * "精品快餐" "MTDP-精品快餐"
  trade_time: "2020-09-08 18:08:14"
  Liabilities:CreditCard:交通银行4830  -19 CNY
  Expenses:Food:日常吃喝                19 CNY

2020-09-08 * "淮扬荟" "MTDP-淮扬荟"
  trade_time: "2020-09-08 13:26:51"
  Liabilities:CreditCard:交通银行4830  -14.4 CNY
  Expenses:Food:日常吃喝                14.4 CNY

2020-09-08 * "众客食坊" "众客食坊-金辉国际店可味美食广场"
  trade_time: "2020-09-08 09:41:06"
  Liabilities:CreditCard:交通银行4830  -4 CNY
  Expenses:Food:日常吃喝                4 CNY

2020-09-08 * "雄安餐饮" "窝窝支付_甘粮(金辉大厦店)_甘粮早餐_0103"
  trade_time: "2020-09-08 09:40:23"
  Liabilities:CreditCard:招商银行9619  -8.5 CNY
  Expenses:Food:日常吃喝                8.5 CNY

2020-09-08 * "智行" "2020年10月08日武汉-北京西"
  trade_time: "2020-09-08 08:42:37"
  Liabilities:CreditCard:招商银行9619   520.5 CNY
  Expenses:Transport:火车            -520.5 CNY

2020-09-08 * "中国铁路总公司资金清算中心" "12306消费"
  trade_time: "2020-09-08 08:39:08"
  Liabilities:CreditCard:招商银行9619  -520.5 CNY
  Expenses:Transport:火车             520.5 CNY

2020-09-07 * "陕味人家油泼面" "MTDP-陕味人家油泼面"
  trade_time: "2020-09-07 18:04:32"
  Liabilities:CreditCard:交通银行4830  -22 CNY
  Expenses:Food:日常吃喝                22 CNY

2020-09-07 * "友宝" "百岁山矿泉水570ml"
  trade_time: "2020-09-07 16:46:06"
  Liabilities:CreditCard:招商银行9619  -3 CNY
  Expenses:Food:日常吃喝                3 CNY

2020-09-07 * "众客食坊" "众客食坊-金辉国际店可味美食广场"
  trade_time: "2020-09-07 09:53:58"
  Liabilities:CreditCard:交通银行4830  -4 CNY
  Expenses:Food:日常吃喝                4 CNY

2020-09-07 * "雄安餐饮" "窝窝支付_甘粮(金辉大厦店)_甘粮早餐_6967"
  trade_time: "2020-09-07 09:53:04"
  Liabilities:CreditCard:招商银行9619  -5.5 CNY
  Expenses:Food:日常吃喝                5.5 CNY

2020-09-06 * "孙传申" "收款方备注:二维码收款@自行车停车费"
  trade_time: "2020-09-06 18:46:42"
  Assets:Bank:微信钱包       -0.5 CNY
  Expenses:Transport:单车   0.5 CNY

2020-09-06 * "吉野家" "吉野家"
  trade_time: "2020-09-06 16:22:23"
  Liabilities:CreditCard:交通银行4830  -35.5 CNY
  Expenses:Food:日常吃喝                35.5 CNY

2020-09-06 * "老婆" "转账备注:微信转账"
  trade_time: "2020-09-06 09:39:24"
  Assets:Bank:招商银行0612  -30000 CNY
  Assets:Bank:老婆微信钱包     30000 CNY

2020-09-05 * "张星星🌿" "转账备注:微信转账"
  trade_time: "2020-09-05 17:12:13"
  Assets:Bank:微信钱包          -100 CNY
  Assets:Receivables:记账过渡户   100 CNY

2020-09-05 * "彭利伟北京奥龙国际物流有限公司" "收款方备注:二维码收款"
  trade_time: "2020-09-05 17:09:07"
  Assets:Bank:微信钱包           100 CNY
  Assets:Receivables:记账过渡户  -100 CNY

2020-09-04 * "中国移动北京公司" "触屏版代充"
  trade_time: "2020-09-04 14:15:29"
  Liabilities:CreditCard:招商银行9619  -50 CNY
  Expenses:Communication:电话费        50 CNY

2020-09-04 * "精品快餐" "MTDP-精品快餐"
  trade_time: "2020-09-04 13:10:13"
  Liabilities:CreditCard:招商银行9619  -17.1 CNY
  Expenses:Food:日常吃喝                17.1 CNY

2020-09-04 * "雄安餐饮" "窝窝支付_甘粮(金辉大厦店)_甘粮早餐_1005"
  trade_time: "2020-09-04 09:33:47"
  Liabilities:CreditCard:招商银行9619  -9 CNY
  Expenses:Food:日常吃喝                9 CNY

2020-09-04 * "刘明昊" "收款方备注:二维码收款"
  trade_time: "2020-09-04 09:00:12"
  Assets:Bank:微信钱包       -5 CNY
  Expenses:Transport:打车   5 CNY

2020-09-03 * "滴滴出行" "滴滴打车-张师傅"
  trade_time: "2020-09-03 22:41:46"
  Liabilities:CreditCard:招商银行9619  -80 CNY
  Assets:Receivables:公司报销           80 CNY

2020-09-03 * "广州骑安" "单车"
  trade_time: "2020-09-03 21:40:15"
  Liabilities:CreditCard:浦发银行5278  -1.5 CNY
  Expenses:Transport:单车             1.5 CNY

2020-09-03 * "滴滴出行" "滴滴专车-高师傅-09月02日行程"
  trade_time: "2020-09-03 21:33:28"
  Liabilities:CreditCard:浦发银行5278  -49.25 CNY
  Assets:Receivables:公司报销           49.25 CNY

2020-09-03 * "脑馋粉儿（三里屯店）" "脑馋粉儿（三里屯店）"
  trade_time: "2020-09-03 19:34:38"
  Liabilities:CreditCard:交通银行4830  -44.75 CNY
  Expenses:Food:日常吃喝                44.75 CNY

2020-09-03 * "雄安餐饮" "窝窝支付_甘粮(金辉大厦店)_甘粮早餐_0784"
  trade_time: "2020-09-03 10:07:01"
  Liabilities:CreditCard:浦发银行5278  -6 CNY
  Expenses:Food:日常吃喝                6 CNY

2020-09-03 * "财陆顺" "收款方备注:二维码收款"
  trade_time: "2020-09-03 09:37:24"
  Assets:Bank:微信钱包       -5 CNY
  Expenses:Transport:打车   5 CNY

2020-09-02 * "粥饼屋" "MTDP-粥饼屋"
  trade_time: "2020-09-02 13:01:53"
  Liabilities:CreditCard:交通银行4830  -1 CNY
  Expenses:Food:日常吃喝                1 CNY

2020-09-02 * "粥饼屋" "MTDP-粥饼屋"
  trade_time: "2020-09-02 13:01:37"
  Liabilities:CreditCard:交通银行4830  -8 CNY
  Expenses:Food:日常吃喝                8 CNY

2020-09-02 * "中国移动北京公司" "触屏版充值"
  trade_time: "2020-09-02 12:32:11"
  Liabilities:CreditCard:浦发银行5278  -9.98 CNY
  Expenses:Communication:电话费        9.98 CNY

2020-09-02 * "中国移动北京公司" "触屏版充值"
  trade_time: "2020-09-02 12:31:36"
  Liabilities:CreditCard:浦发银行5278  -99.8 CNY
  Expenses:Communication:电话费        99.8 CNY

2020-09-02 * "众客食坊" "众客食坊-金辉国际店可味美食广场"
  trade_time: "2020-09-02 09:56:19"
  Liabilities:CreditCard:交通银行4830  -14 CNY
  Expenses:Food:日常吃喝                14 CNY

2020-09-02 * "二少" "收款方备注:二维码收款"
  trade_time: "2020-09-02 09:24:03"
  Assets:Bank:微信钱包       -5 CNY
  Expenses:Transport:打车   5 CNY

2020-09-02 * "上海麦克风文化传媒有限公司" "T98蜻蜓超级会员12个月@蜻蜓会员+京东"
  trade_time: "2020-09-02 00:47:10"
  Liabilities:CreditCard:浦发银行5278  -98 CNY
  Expenses:Consumption:软件订阅购买       98 CNY

2020-09-01 * "3号楼108超市" "收款方备注:二维码收款"
  trade_time: "2020-09-01 22:40:40"
  Assets:Bank:微信钱包    -23 CNY
  Expenses:Food:日常吃喝   23 CNY

2020-09-01 * "滴滴出行" "滴滴打车-李师傅"
  trade_time: "2020-09-01 22:36:32"
  Liabilities:CreditCard:浦发银行5278  -80 CNY
  Assets:Receivables:公司报销           80 CNY

2020-09-01 * "友宝" "百岁山矿泉水570ml"
  trade_time: "2020-09-01 13:45:02"
  Liabilities:CreditCard:浦发银行5278  -3 CNY
  Expenses:Food:日常吃喝                3 CNY

2020-09-01 * "精品快餐" "MTDP-精品快餐"
  trade_time: "2020-09-01 12:09:41"
  Liabilities:CreditCard:交通银行4830  -2 CNY
  Expenses:Food:日常吃喝                2 CNY

2020-09-01 * "精品快餐" "MTDP-精品快餐"
  trade_time: "2020-09-01 12:09:19"
  Liabilities:CreditCard:交通银行4830  -17 CNY
  Expenses:Food:日常吃喝                17 CNY

2020-09-01 * "众客食坊" "众客食坊-金辉国际店可味美食广场"
  trade_time: "2020-09-01 10:10:55"
  Liabilities:CreditCard:交通银行4830  -14 CNY
  Expenses:Food:日常吃喝                14 CNY

2020-09-01 * "李长征" "收款方备注:二维码收款"
  trade_time: "2020-09-01 09:39:24"
  Assets:Bank:微信钱包       -5 CNY
  Expenses:Transport:打车   5 CNY
