
2020-07-31 * "3号楼108超市" "收款方备注:二维码收款"
  shop_trade_no: "10000499012020073101421998693624"
  timestamp: "1596208593"
  trade_time: "2020-07-31 23:16:33"
  wechat_trade_no: "100004990120073100056122696892139628"

2020-07-31 * "一点通" "收款方备注:二维码收款"
  shop_trade_no: "10000499012020073101217271174614"
  timestamp: "1596207476"
  trade_time: "2020-07-31 22:57:56"
  wechat_trade_no: "100004990120073100056122796927601628"

2020-07-31 * "长城物业有限公司北京物业管理分公司" "长城物业有限公司北京物业管理分公司"
  shop_trade_no: "3920LT20200731211440wJIK66Eb"
  timestamp: "1596201287"
  trade_time: "2020-07-31 21:14:47"
  wechat_trade_no: "4200000722202007318386806154"
  Expenses:Unknown             1.00 CNY
  Liabilities:CreditCard:交通银行          

2020-07-31 * "货拉拉搬家版" "货拉拉搬家车费"
  shop_trade_no: "20200731171030460421"
  timestamp: "1596186635"
  trade_time: "2020-07-31 17:10:35"
  wechat_trade_no: "4200000591202007313713804934"
  Expenses:Unknown             182.00 CNY
  Liabilities:CreditCard:交通银行            

2020-07-31 * "货拉拉用户" "货拉拉用户"
  shop_trade_no: ""
  timestamp: "1596186576"
  trade_time: "2020-07-31 17:09:36"
  wechat_trade_no: "50300705432020073101820520824"
  Expenses:Unknown             -125.00 CNY
  Liabilities:CreditCard:交通银行             

2020-07-31 * "货拉拉用户" "货拉拉搬家车费"
  shop_trade_no: "20200731142949748051"
  timestamp: "1596176995"
  trade_time: "2020-07-31 14:29:55"
  wechat_trade_no: "4200000595202007319919167671"
  Expenses:Unknown             -125.00 CNY
  Liabilities:CreditCard:交通银行             

2020-07-31 * "滴滴出行" "滴滴快车-陈师傅"
  shop_trade_no: "210_202007316825262001947081"
  timestamp: "1596175431"
  trade_time: "2020-07-31 14:03:51"
  wechat_trade_no: "4200000576202007315424058519"
  Expenses:Unknown             9.22 CNY
  Liabilities:CreditCard:交通银行          

2020-07-31 * "粤港茶餐厅" "MTDP-粤港茶餐厅"
  shop_trade_no: "0461368603270092797400005604"
  timestamp: "1596172214"
  trade_time: "2020-07-31 13:10:14"
  wechat_trade_no: "4200000599202007312149937549"
  Expenses:Unknown             29.00 CNY
  Liabilities:CreditCard:交通银行           

2020-07-31 * "滴滴出行" "滴滴专车-朱师傅"
  shop_trade_no: "200_202007316824979701577934"
  timestamp: "1596161057"
  trade_time: "2020-07-31 10:04:17"
  wechat_trade_no: "4200000578202007315537031459"
  Expenses:Unknown             59.80 CNY
  Liabilities:CreditCard:交通银行           

2020-07-30 * "滴滴出行" "滴滴快车-武师傅"
  shop_trade_no: "210_202007306823945401299071"
  timestamp: "1596091165"
  trade_time: "2020-07-30 14:39:25"
  wechat_trade_no: "4200000588202007301789001603"
  Expenses:Unknown             9.04 CNY
  Liabilities:CreditCard:交通银行          

2020-07-30 * "粤港茶餐厅" "MTDP-粤港茶餐厅"
  shop_trade_no: "0461368603268728465000005604"
  timestamp: "1596082403"
  trade_time: "2020-07-30 12:13:23"
  wechat_trade_no: "4200000584202007300552237911"
  Expenses:Unknown             28.00 CNY
  Liabilities:CreditCard:交通银行           

2020-07-30 * "滴滴出行" "滴滴专车-李师傅"
  shop_trade_no: "200_202007306823625501150221"
  timestamp: "1596074424"
  trade_time: "2020-07-30 10:00:24"
  wechat_trade_no: "4200000589202007304972408289"
  Expenses:Unknown             66.45 CNY
  Liabilities:CreditCard:交通银行           

2020-07-29 * "滴滴出行" "滴滴快车-白师傅"
  shop_trade_no: "210_202007296823140201480333"
  timestamp: "1596030105"
  trade_time: "2020-07-29 21:41:45"
  wechat_trade_no: "4200000589202007290121486916"
  Expenses:Unknown             20.05 CNY
  Liabilities:CreditCard:交通银行           

2020-07-29 * "椒傲少年•酸菜鱼@米饭" "MTDP-椒傲少年•酸菜鱼@米饭"
  shop_trade_no: "0461368603267950449900257"
  timestamp: "1596018916"
  trade_time: "2020-07-29 18:35:16"
  wechat_trade_no: "4200000576202007291376400242"
  Expenses:Unknown             23.00 CNY
  Liabilities:CreditCard:交通银行           

2020-07-29 * "你来我往美食工坊" "你来我往美食工坊-锐创国际店"
  shop_trade_no: "53552817339512931186477"
  timestamp: "1595998328"
  trade_time: "2020-07-29 12:52:08"
  wechat_trade_no: "4200000577202007292957622960"
  Expenses:Unknown             19.00 CNY
  Liabilities:CreditCard:交通银行           

2020-07-29 * "滴滴出行" "滴滴专车-王师傅"
  shop_trade_no: "200_202007296822239701837870"
  timestamp: "1595986525"
  trade_time: "2020-07-29 09:35:25"
  wechat_trade_no: "4200000575202007294011051065"
  Expenses:Unknown             66.25 CNY
  Liabilities:CreditCard:交通银行           

2020-07-28 * "滴滴出行" "滴滴快车-王师傅"
  shop_trade_no: "210_202007286821764901120128"
  timestamp: "1595942631"
  trade_time: "2020-07-28 21:23:51"
  wechat_trade_no: "4200000582202007287387059021"
  Expenses:Unknown             16.81 CNY
  Liabilities:CreditCard:交通银行           

2020-07-28 * "你来我往美食工坊" "你来我往美食工坊-锐创国际店"
  shop_trade_no: "53550626604202110952809"
  timestamp: "1595933040"
  trade_time: "2020-07-28 18:44:00"
  wechat_trade_no: "4200000595202007283510839692"
  Expenses:Unknown             9.00 CNY
  Liabilities:CreditCard:交通银行          

2020-07-28 * "你来我往美食工坊" "你来我往美食工坊-锐创国际店"
  shop_trade_no: "53549897130850400275142"
  timestamp: "1595911299"
  trade_time: "2020-07-28 12:41:39"
  wechat_trade_no: "4200000574202007284226953759"
  Expenses:Unknown             21.00 CNY
  Liabilities:CreditCard:交通银行           

2020-07-28 * "滴滴出行" "滴滴专车-宋师傅"
  shop_trade_no: "200_202007286820901001173120"
  timestamp: "1595900541"
  trade_time: "2020-07-28 09:42:21"
  wechat_trade_no: "4200000573202007286025575088"
  Expenses:Unknown             79.00 CNY
  Liabilities:CreditCard:交通银行           

2020-07-27 * "滴滴出行" "滴滴快车-冯师傅"
  shop_trade_no: "210_202007276820478301842262"
  timestamp: "1595859293"
  trade_time: "2020-07-27 22:14:53"
  wechat_trade_no: "4200000578202007271534158630"
  Expenses:Unknown             20.47 CNY
  Liabilities:CreditCard:交通银行           

2020-07-27 * "饺子屋" "MTDP-饺子屋"
  shop_trade_no: "0461368603265462967308984"
  timestamp: "1595845267"
  trade_time: "2020-07-27 18:21:07"
  wechat_trade_no: "4200000593202007278462110739"
  Expenses:Unknown             19.00 CNY
  Liabilities:CreditCard:交通银行           

2020-07-27 * "你来我往美食工坊" "你来我往美食工坊-锐创国际店"
  shop_trade_no: "53546974070061180236386"
  timestamp: "1595824185"
  trade_time: "2020-07-27 12:29:45"
  wechat_trade_no: "4200000585202007279592753140"
  Expenses:Unknown             21.00 CNY
  Liabilities:CreditCard:交通银行           

2020-07-26 * "芒果电单车" "芒果电单车-缴纳押金"
  shop_trade_no: "2007261722416"
  timestamp: "1595755374"
  trade_time: "2020-07-26 17:22:54"
  wechat_trade_no: "4200000588202007269920202483"
  Expenses:Unknown             299.00 CNY
  Liabilities:CreditCard:交通银行            

2020-07-25 * "广州骑安" "单车"
  shop_trade_no: "249_202007256817369401594374"
  timestamp: "1595666746"
  trade_time: "2020-07-25 16:45:46"
  wechat_trade_no: "4200000717202007256050048378"
  Expenses:Unknown             1.50 CNY
  Liabilities:CreditCard:交通银行          

2020-07-25 * "大楠" "收款方备注:二维码收款"
  shop_trade_no: "10001071012020072501438533156600"
  timestamp: "1595666393"
  trade_time: "2020-07-25 16:39:53"
  wechat_trade_no: "100010710120072500056122014319319628"

2020-07-25 * "宋博" "/"
  shop_trade_no: "10000495012020072500506949836089"
  timestamp: "1595607477"
  trade_time: "2020-07-25 00:17:57"
  wechat_trade_no: "100004950120072500050122552696786628"
  Expenses:Unknown        52.00 CNY
  Assets:Balances:WeChat           

2020-07-24 * "滴滴出行" "滴滴快车-梁师傅"
  shop_trade_no: "210_202007246816392701695815"
  timestamp: "1595597960"
  trade_time: "2020-07-24 21:39:20"
  wechat_trade_no: "4200000574202007243800634694"
  Expenses:Unknown             36.68 CNY
  Liabilities:CreditCard:交通银行           

2020-07-24 * "你来我往美食工坊" "你来我往美食工坊-锐创国际店"
  shop_trade_no: "5353828763292273973384"
  timestamp: "1595565309"
  trade_time: "2020-07-24 12:35:09"
  wechat_trade_no: "4200000586202007243154701833"
  Expenses:Unknown             21.00 CNY
  Liabilities:CreditCard:交通银行           

2020-07-24 ! "🌸 、圆滚滚" "转账备注:微信转账"
  timestamp: "1595564378"
  trade_time: "2020-07-24 12:19:38"
  wechat_trade_no: "1000050001202007241205945694648"
  Income:Unknown                    
  Assets:Balances:WeChat  180.00 CNY

2020-07-24 * "全时恒电大厦店" "全时便利-望京恒电大厦店"
  shop_trade_no: "53538103357537111533747"
  timestamp: "1595559818"
  trade_time: "2020-07-24 11:03:38"
  wechat_trade_no: "4200000574202007248006966245"
  Expenses:Unknown             5.50 CNY
  Liabilities:CreditCard:交通银行          

2020-07-24 * "滴滴出行" "滴滴快车-刚师傅"
  shop_trade_no: "210_202007246815464901751660"
  timestamp: "1595555630"
  trade_time: "2020-07-24 09:53:50"
  wechat_trade_no: "4200000597202007248763215931"
  Expenses:Unknown             58.18 CNY
  Liabilities:CreditCard:交通银行           

2020-07-23 * "滴滴出行" "滴滴专车-丁师傅"
  shop_trade_no: "200_202007236815001501197005"
  timestamp: "1595512492"
  trade_time: "2020-07-23 21:54:52"
  wechat_trade_no: "4200000597202007230532120408"
  Expenses:Unknown             64.15 CNY
  Liabilities:CreditCard:交通银行           

2020-07-23 * "Royal Tea皇茶（望京京辉大厦店）" "MTDP-Royal Tea皇茶（望京金辉大厦店）"
  shop_trade_no: "0461368603260237488602125"
  timestamp: "1595501687"
  trade_time: "2020-07-23 18:54:47"
  wechat_trade_no: "4200000579202007232043543116"
  Expenses:Unknown             1.10 CNY
  Liabilities:CreditCard:交通银行          

2020-07-23 * "美团点评" "美团订单-20072310100000000001970702596421"
  shop_trade_no: "20072310100000000001970702596421"
  timestamp: "1595501612"
  trade_time: "2020-07-23 18:53:32"
  wechat_trade_no: "4200000585202007236517441981"
  Expenses:Eating:Supper       9.90 CNY
  Liabilities:CreditCard:交通银行          

2020-07-23 * "杭州小笼包" "杭州小笼包-金辉国际店可味美食广场"
  shop_trade_no: "20200723283908384552484864"
  timestamp: "1595500234"
  trade_time: "2020-07-23 18:30:34"
  wechat_trade_no: "4200000575202007234543797207"
  Expenses:Unknown             15.00 CNY
  Liabilities:CreditCard:交通银行           

2020-07-23 * "你来我往美食工坊" "你来我往美食工坊-锐创国际店"
  shop_trade_no: "53535355445327985441913"
  timestamp: "1595477923"
  trade_time: "2020-07-23 12:18:43"
  wechat_trade_no: "4200000579202007232986189195"
  Expenses:Unknown             19.00 CNY
  Liabilities:CreditCard:交通银行           

2020-07-22 * "滴滴出行" "滴滴快车-韦师傅"
  shop_trade_no: "210_202007226813658501549911"
  timestamp: "1595426399"
  trade_time: "2020-07-22 21:59:59"
  wechat_trade_no: "4200000585202007226513028480"
  Expenses:Unknown             29.48 CNY
  Liabilities:CreditCard:交通银行           

2020-07-22 * "淮扬荟" "MTDP-淮扬荟"
  shop_trade_no: "0461368603258998111909848"
  timestamp: "1595414527"
  trade_time: "2020-07-22 18:42:07"
  wechat_trade_no: "4200000599202007228332623884"
  Expenses:Unknown             19.00 CNY
  Liabilities:CreditCard:交通银行           

2020-07-21 * "滴滴出行" "滴滴快车-白师傅"
  shop_trade_no: "210_202007216812332201816336"
  timestamp: "1595341958"
  trade_time: "2020-07-21 22:32:38"
  wechat_trade_no: "4200000586202007214289776066"
  Expenses:Unknown             56.88 CNY
  Liabilities:CreditCard:交通银行           

2020-07-21 * "滴滴出行" "滴滴快车-刘师傅"
  shop_trade_no: "210_202007216812257701307403"
  timestamp: "1595337788"
  trade_time: "2020-07-21 21:23:08"
  wechat_trade_no: "4200000573202007212759927623"
  Expenses:Unknown             17.71 CNY
  Liabilities:CreditCard:交通银行           

2020-07-21 * "你来我往美食工坊" "你来我往美食工坊-锐创国际店"
  shop_trade_no: "53530285236435041949172"
  timestamp: "1595326820"
  trade_time: "2020-07-21 18:20:20"
  wechat_trade_no: "4200000587202007214781516719"
  Expenses:Unknown             16.00 CNY
  Liabilities:CreditCard:交通银行           

2020-07-21 * "滴滴出行" "滴滴快车-尹师傅"
  shop_trade_no: "210_202007216811361501304496"
  timestamp: "1595294240"
  trade_time: "2020-07-21 09:17:20"
  wechat_trade_no: "4200000577202007217141076803"
  Expenses:Unknown             39.00 CNY
  Liabilities:CreditCard:交通银行           

2020-07-20 * "滴滴出行" "滴滴快车-张师傅"
  shop_trade_no: "210_202007206811000001919920"
  timestamp: "1595256306"
  trade_time: "2020-07-20 22:45:06"
  wechat_trade_no: "4200000596202007207405307420"
  Expenses:Unknown             16.41 CNY
  Liabilities:CreditCard:交通银行           

2020-07-20 * "你来我往美食工坊" "你来我往美食工坊-锐创国际店"
  shop_trade_no: "5352740297783511344738"
  timestamp: "1595240921"
  trade_time: "2020-07-20 18:28:41"
  wechat_trade_no: "4200000588202007203259017022"
  Expenses:Unknown             21.00 CNY
  Liabilities:CreditCard:交通银行           

2020-07-20 * "你来我往美食工坊" "你来我往美食工坊-锐创国际店"
  shop_trade_no: "53526632433858661221897"
  timestamp: "1595217957"
  trade_time: "2020-07-20 12:05:57"
  wechat_trade_no: "4200000583202007205395415537"
  Expenses:Unknown             20.00 CNY
  Liabilities:CreditCard:交通银行           

2020-07-20 * "滴滴出行" "滴滴快车-王师傅"
  shop_trade_no: "210_202007206810041701763261"
  timestamp: "1595209307"
  trade_time: "2020-07-20 09:41:47"
  wechat_trade_no: "4200000580202007201415362794"
  Expenses:Unknown             25.09 CNY
  Liabilities:CreditCard:交通银行           

2020-07-19 * "二宝超市" "收款方备注:二维码收款"
  shop_trade_no: "10000499012020071901084426972639"
  timestamp: "1595159688"
  trade_time: "2020-07-19 19:54:48"
  wechat_trade_no: "100004990120071900056122639435013628"

2020-07-19 * "来电科技" "来电共享充电宝"
  shop_trade_no: "EVnEHbhGhDO5snS5I5zE3CxxxxPr-Tvx"
  timestamp: "1595154187"
  trade_time: "2020-07-19 18:23:07"
  wechat_trade_no: "4200000613202007190715832755"
  Expenses:Unknown             4.00 CNY
  Liabilities:CreditCard:交通银行          

2020-07-17 * "广州骑安" "单车"
  shop_trade_no: "249_202007176806882201658532"
  timestamp: "1594991152"
  trade_time: "2020-07-17 21:05:52"
  wechat_trade_no: "4200000619202007171069543933"
  Expenses:Unknown             1.50 CNY
  Liabilities:CreditCard:交通银行          

2020-07-17 * "城市爱情麻辣烫" "城市爱情麻辣烫"
  shop_trade_no: "0461368603252713065502325"
  timestamp: "1594984264"
  trade_time: "2020-07-17 19:11:04"
  wechat_trade_no: "4200000573202007171611591428"
  Expenses:Unknown             32.40 CNY
  Liabilities:CreditCard:交通银行           

2020-07-17 * "淮扬荟" "MTDP-淮扬荟"
  shop_trade_no: "0461368603252201169009848"
  timestamp: "1594961790"
  trade_time: "2020-07-17 12:56:30"
  wechat_trade_no: "4200000576202007170962638657"
  Expenses:Unknown             19.00 CNY
  Liabilities:CreditCard:交通银行           

2020-07-16 * "滴滴出行" "滴滴专车-张师傅"
  shop_trade_no: "200_202007166805562501068375"
  timestamp: "1594908310"
  trade_time: "2020-07-16 22:05:10"
  wechat_trade_no: "4200000590202007168173521012"
  Expenses:Unknown             57.12 CNY
  Liabilities:CreditCard:交通银行           

2020-07-16 * "你来我往" "收款方备注:二维码收款"
  shop_trade_no: "10001071012020071601681545914557"
  timestamp: "1594895036"
  trade_time: "2020-07-16 18:23:56"
  wechat_trade_no: "100010710120071600056122198928490628"

2020-07-16 * "你来我往美食工坊" "你来我往美食工坊-锐创国际店"
  shop_trade_no: "53515795627391102964415"
  timestamp: "1594894996"
  trade_time: "2020-07-16 18:23:16"
  wechat_trade_no: "4200000583202007166999990579"
  Expenses:Unknown             21.00 CNY
  Liabilities:CreditCard:交通银行           

2020-07-16 * "淮扬荟" "MTDP-淮扬荟"
  shop_trade_no: "0461368603250990553809848"
  timestamp: "1594877283"
  trade_time: "2020-07-16 13:28:03"
  wechat_trade_no: "4200000576202007163893533023"
  Expenses:Unknown             21.60 CNY
  Liabilities:CreditCard:交通银行           

2020-07-16 * "全时恒电大厦店" "全时便利-望京恒电大厦店"
  shop_trade_no: "53514674143165259856455"
  timestamp: "1594861573"
  trade_time: "2020-07-16 09:06:13"
  wechat_trade_no: "4200000579202007162228636024"
  Expenses:Unknown             8.30 CNY
  Liabilities:CreditCard:交通银行          

2020-07-15 * "滴滴出行" "滴滴快车-丁师傅"
  shop_trade_no: "210_202007156804249301690128"
  timestamp: "1594823768"
  trade_time: "2020-07-15 22:36:08"
  wechat_trade_no: "4200000587202007156788643188"
  Expenses:Unknown             17.32 CNY
  Liabilities:CreditCard:交通银行           

2020-07-15 * "原汁牛肉" "MTDP-原汁牛肉"
  shop_trade_no: "0461368603249840232506520"
  timestamp: "1594809665"
  trade_time: "2020-07-15 18:41:05"
  wechat_trade_no: "4200000595202007158353857321"
  Expenses:Unknown             19.00 CNY
  Liabilities:CreditCard:交通银行           

2020-07-15 * "你来我往" "收款方备注:二维码收款"
  shop_trade_no: "10001071012020071501480959088564"
  timestamp: "1594788665"
  trade_time: "2020-07-15 12:51:05"
  wechat_trade_no: "100010710120071500056122282242470628"

2020-07-15 * "你来我往美食工坊" "你来我往美食工坊-锐创国际店"
  shop_trade_no: "53512225603598459281163"
  timestamp: "1594788600"
  trade_time: "2020-07-15 12:50:00"
  wechat_trade_no: "4200000581202007154973097122"
  Expenses:Unknown             15.00 CNY
  Liabilities:CreditCard:交通银行           

2020-07-15 * "全时恒电大厦店" "全时便利-望京恒电大厦店"
  shop_trade_no: "53511955797965646615659"
  timestamp: "1594780559"
  trade_time: "2020-07-15 10:35:59"
  wechat_trade_no: "4200000581202007154098794275"
  Expenses:Unknown             8.30 CNY
  Liabilities:CreditCard:交通银行          

2020-07-14 * "滴滴出行" "滴滴快车-梅师傅"
  shop_trade_no: "210_202007146802928701278833"
  timestamp: "1594738522"
  trade_time: "2020-07-14 22:55:22"
  wechat_trade_no: "4200000581202007143982593595"
  Expenses:Unknown             31.87 CNY
  Liabilities:CreditCard:交通银行           

2020-07-14 * "滴滴出行" "滴滴快车-汪师傅"
  shop_trade_no: "210_202007146802851001114519"
  timestamp: "1594733874"
  trade_time: "2020-07-14 21:37:54"
  wechat_trade_no: "4200000573202007149685048783"
  Expenses:Unknown             17.91 CNY
  Liabilities:CreditCard:交通银行           

2020-07-14 * "陕西biangbiang面云南过桥米线" "陕西biangbiang面云南过桥米线-锐创国际店"
  shop_trade_no: "20200714280655907518513152"
  timestamp: "1594724787"
  trade_time: "2020-07-14 19:06:27"
  wechat_trade_no: "4200000591202007144195732797"
  Expenses:Unknown             18.00 CNY
  Liabilities:CreditCard:交通银行           

2020-07-14 * "你来我往" "收款方备注:二维码收款"
  shop_trade_no: "10001071012020071401179230336577"
  timestamp: "1594724648"
  trade_time: "2020-07-14 19:04:08"
  wechat_trade_no: "100010710120071400056122673795316628"

2020-07-14 * "你来我往美食工坊" "你来我往美食工坊-锐创国际店"
  shop_trade_no: "53509283953653862515592"
  timestamp: "1594700932"
  trade_time: "2020-07-14 12:28:52"
  wechat_trade_no: "4200000594202007141914092034"
  Expenses:Unknown             19.00 CNY
  Liabilities:CreditCard:交通银行           

2020-07-14 * "滴滴出行" "滴滴专车-胡师傅"
  shop_trade_no: "200_202007146802002301030805"
  timestamp: "1594691189"
  trade_time: "2020-07-14 09:46:29"
  wechat_trade_no: "4200000590202007148744171255"
  Expenses:Unknown             49.20 CNY
  Liabilities:CreditCard:交通银行           

2020-07-14 * "YHuang" "微信红包"
  shop_trade_no: "1000039901202007137125794134876"
  timestamp: "1594657354"
  trade_time: "2020-07-14 00:22:34"
  wechat_trade_no: "1000039901010007137125794134876"
  Income:RedBag                   
  Assets:Balances:WeChat  0.29 CNY

2020-07-13 * "滴滴出行" "滴滴快车-李师傅"
  shop_trade_no: "210_202007136801647601955147"
  timestamp: "1594653018"
  trade_time: "2020-07-13 23:10:18"
  wechat_trade_no: "4200000599202007132125712168"
  Expenses:Unknown             15.81 CNY
  Liabilities:CreditCard:交通银行           

2020-07-13 * "淮扬荟" "MTDP-淮扬荟"
  shop_trade_no: "0461368603247343584909848"
  timestamp: "1594635474"
  trade_time: "2020-07-13 18:17:54"
  wechat_trade_no: "4200000574202007139233030657"
  Expenses:Unknown             19.00 CNY
  Liabilities:CreditCard:交通银行           

2020-07-13 * "椒傲少年米线" "MTDP-椒傲少年米线"
  shop_trade_no: "0461368603246991747704832"
  timestamp: "1594615692"
  trade_time: "2020-07-13 12:48:12"
  wechat_trade_no: "4200000579202007134479779050"
  Expenses:Unknown             23.00 CNY
  Liabilities:CreditCard:交通银行           

2020-07-12 * "肯德基" "KFC_MALLNEWWXKZJ905015892333"
  shop_trade_no: "WXKZJ905015892333"
  timestamp: "1594534568"
  trade_time: "2020-07-12 14:16:08"
  wechat_trade_no: "4200000573202007120548673549"
  Expenses:Unknown             8.80 CNY
  Liabilities:CreditCard:交通银行          

2020-07-12 * "蜜蜂出行" "用户骑行用车"
  shop_trade_no: "AjuLJZLl7iC8BLFZj9Fs3xxxxxxZtqxx"
  timestamp: "1594529276"
  trade_time: "2020-07-12 12:47:56"
  wechat_trade_no: "4200000621202007121112644816"
  Expenses:Unknown             3.00 CNY
  Liabilities:CreditCard:交通银行          

2020-07-11 * "上海何勇企业管理有限公司" "支付码321336剪花娘子北京望京凯德餐厅微信餐厅(6848179376601702456)"
  shop_trade_no: "P0200711191337000600000006"
  timestamp: "1594466022"
  trade_time: "2020-07-11 19:13:42"
  wechat_trade_no: "4200000610202007119831403106"
  Expenses:Unknown             44.00 CNY
  Liabilities:CreditCard:交通银行           

2020-07-11 * "阿芮烤鸡爪" "阿芮烤鸡爪望京店-扫码付-YY00301-200711-01101822"
  shop_trade_no: "P0200711182337009100000014"
  timestamp: "1594463018"
  trade_time: "2020-07-11 18:23:38"
  wechat_trade_no: "4200000577202007116510981725"
  Expenses:Unknown             45.00 CNY
  Liabilities:CreditCard:交通银行           

2020-07-11 * "和合谷" "订单日期：20200711114324 订单机构：100 订单类型：消费"
  shop_trade_no: "tbxf10099z0001746720200711114313"
  timestamp: "1594439006"
  trade_time: "2020-07-11 11:43:26"
  wechat_trade_no: "4200000583202007116528128506"
  Expenses:Unknown             37.80 CNY
  Liabilities:CreditCard:交通银行           

2020-07-10 * "滴滴出行" "滴滴专车-曹师傅"
  shop_trade_no: "200_202007106797680601277661"
  timestamp: "1594388082"
  trade_time: "2020-07-10 21:34:42"
  wechat_trade_no: "4200000574202007107871914292"
  Expenses:Unknown             50.64 CNY
  Liabilities:CreditCard:交通银行           

2020-07-10 * "放飞心情" "收款方备注:二维码收款"
  shop_trade_no: "10000499012020071001527924112563"
  timestamp: "1594377973"
  trade_time: "2020-07-10 18:46:13"
  wechat_trade_no: "100004990120071000056122222337868628"

2020-07-10 * "家的味道" "家的味道-锐创国际店"
  shop_trade_no: "20200710279199928541085696"
  timestamp: "1594377651"
  trade_time: "2020-07-10 18:40:51"
  wechat_trade_no: "4200000597202007105423629303"
  Expenses:Unknown             16.00 CNY
  Liabilities:CreditCard:交通银行           

2020-07-09 * "你来我往美食工坊" "你来我往美食工坊-锐创国际店"
  shop_trade_no: "53495518617024635233444"
  timestamp: "1594290693"
  trade_time: "2020-07-09 18:31:33"
  wechat_trade_no: "4200000576202007096599074494"
  Expenses:Unknown             19.00 CNY
  Liabilities:CreditCard:交通银行           

2020-07-09 * "滴滴出行" "滴滴快车-朱师傅"
  shop_trade_no: "210_202007096795749001161468"
  timestamp: "1594271660"
  trade_time: "2020-07-09 13:14:20"
  wechat_trade_no: "4200000585202007093405174023"
  Expenses:Unknown             17.91 CNY
  Liabilities:CreditCard:交通银行           

2020-07-09 * "淮扬荟" "MTDP-淮扬荟"
  shop_trade_no: "0461368603241881536309848"
  timestamp: "1594269298"
  trade_time: "2020-07-09 12:34:58"
  wechat_trade_no: "4200000585202007099699193075"
  Expenses:Unknown             19.00 CNY
  Liabilities:CreditCard:交通银行           

2020-07-09 * "滴滴出行" "滴滴专车-闫师傅"
  shop_trade_no: "200_202007096795507301303647"
  timestamp: "1594258754"
  trade_time: "2020-07-09 09:39:14"
  wechat_trade_no: "4200000594202007091538838747"
  Expenses:Unknown             58.80 CNY
  Liabilities:CreditCard:交通银行           

2020-07-08 * "滴滴出行" "滴滴快车-李师傅"
  shop_trade_no: "210_202007086795077501364908"
  timestamp: "1594215890"
  trade_time: "2020-07-08 21:44:50"
  wechat_trade_no: "4200000578202007080912624039"
  Expenses:Unknown             18.08 CNY
  Liabilities:CreditCard:交通银行           

2020-07-08 * "No.13" "MTDP-星月No.13"
  shop_trade_no: "0461368603241241703200007530"
  timestamp: "1594209562"
  trade_time: "2020-07-08 19:59:22"
  wechat_trade_no: "4200000593202007089523153078"
  Expenses:Unknown             35.00 CNY
  Liabilities:CreditCard:交通银行           

2020-07-08 * "淮扬荟" "MTDP-淮扬荟"
  shop_trade_no: "0461368603240732148209848"
  timestamp: "1594183650"
  trade_time: "2020-07-08 12:47:30"
  wechat_trade_no: "4200000582202007085986461981"
  Expenses:Unknown             24.00 CNY
  Liabilities:CreditCard:交通银行           

2020-07-08 * "滴滴出行" "滴滴专车-安师傅"
  shop_trade_no: "200_202007086794255701551612"
  timestamp: "1594172700"
  trade_time: "2020-07-08 09:45:00"
  wechat_trade_no: "4200000580202007088171541035"
  Expenses:Unknown             49.12 CNY
  Liabilities:CreditCard:交通银行           

2020-07-07 * "滴滴出行" "滴滴快车-邓师傅"
  shop_trade_no: "210_202007076793885001169010"
  timestamp: "1594133406"
  trade_time: "2020-07-07 22:50:06"
  wechat_trade_no: "4200000573202007073457432860"
  Expenses:Unknown             9.04 CNY
  Liabilities:CreditCard:交通银行          

2020-07-07 * "你来我往美食工坊" "你来我往美食工坊-锐创国际店"
  shop_trade_no: "53489705647224943488296"
  timestamp: "1594117453"
  trade_time: "2020-07-07 18:24:13"
  wechat_trade_no: "4200000595202007074305941458"
  Expenses:Unknown             12.00 CNY
  Liabilities:CreditCard:交通银行           

2020-07-07 * "No.13" "MTDP-星月No.13"
  shop_trade_no: "0461368603239585864900007530"
  timestamp: "1594098200"
  trade_time: "2020-07-07 13:03:20"
  wechat_trade_no: "4200000579202007070540491209"
  Expenses:Unknown             35.00 CNY
  Liabilities:CreditCard:交通银行           

2020-07-07 * "滴滴出行" "滴滴专车-程师傅"
  shop_trade_no: "200_202007076793061201799367"
  timestamp: "1594088452"
  trade_time: "2020-07-07 10:20:52"
  wechat_trade_no: "4200000572202007077535759595"
  Expenses:Unknown             47.68 CNY
  Liabilities:CreditCard:交通银行           

2020-07-06 * "滴滴出行" "滴滴快车-王师傅"
  shop_trade_no: "210_202007066792582201763966"
  timestamp: "1594042675"
  trade_time: "2020-07-06 21:37:55"
  wechat_trade_no: "4200000600202007062160710197"
  Expenses:Unknown             34.87 CNY
  Liabilities:CreditCard:交通银行           

2020-07-06 * "淮扬荟" "MTDP-淮扬荟"
  shop_trade_no: "0461368603238475957609848"
  timestamp: "1594011986"
  trade_time: "2020-07-06 13:06:26"
  wechat_trade_no: "4200000597202007065152797028"
  Expenses:Unknown             21.60 CNY
  Liabilities:CreditCard:交通银行           

2020-07-06 * "好适口餐饮管理有限公司" "24明天第一城店-扫码付-YY03501-200706-00600916"
  shop_trade_no: "P0200706091821005300000004"
  timestamp: "1593998303"
  trade_time: "2020-07-06 09:18:23"
  wechat_trade_no: "4200000592202007066326404571"
  Expenses:Unknown             18.80 CNY
  Liabilities:CreditCard:交通银行           

2020-07-04 * "街电科技" "街电充电宝免押租借订单"
  shop_trade_no: "UIL_WKuOpaUSSXfPTrXkwxxxxxjH8xvx"
  timestamp: "1593870736"
  trade_time: "2020-07-04 21:52:16"
  wechat_trade_no: "4200000601202007046740753420"
  Expenses:Unknown  6.00 CNY
  Assets:Bank:中国银行          

2020-07-04 * "北京麦当劳食品有限公司" "北京麦当劳食品有限公司"
  shop_trade_no: "SXA1205O102063376238_20200704"
  timestamp: "1593864782"
  trade_time: "2020-07-04 20:13:02"
  wechat_trade_no: "4200000593202007044810446476"
  Expenses:Unknown             6.00 CNY
  Liabilities:CreditCard:交通银行          

2020-07-04 * "自动宝" "商品21"
  shop_trade_no: "MDFYN174-594280-15938535843112"
  timestamp: "1593853592"
  trade_time: "2020-07-04 17:06:32"
  wechat_trade_no: "4200000615202007041532639313"
  Expenses:Unknown             3.00 CNY
  Liabilities:CreditCard:交通银行          

2020-07-02 * "家的味道" "家的味道-锐创国际店"
  shop_trade_no: "20200702276306002029146112"
  timestamp: "1593687685"
  trade_time: "2020-07-02 19:01:25"
  wechat_trade_no: "4200000598202007020563171157"
  Expenses:Unknown             10.00 CNY
  Liabilities:CreditCard:交通银行           

2020-07-02 * "你来我往美食工坊" "你来我往美食工坊-锐创国际店"
  shop_trade_no: "53474452708407396438497"
  timestamp: "1593662880"
  trade_time: "2020-07-02 12:08:00"
  wechat_trade_no: "4200000597202007020064443314"
  Expenses:Unknown             19.00 CNY
  Liabilities:CreditCard:交通银行           

2020-07-01 * "滴滴出行" "滴滴快车-张师傅"
  shop_trade_no: "210_202007016786179901196762"
  timestamp: "1593597677"
  trade_time: "2020-07-01 18:01:17"
  wechat_trade_no: "4200000573202007015339723952"
  Expenses:Unknown             19.27 CNY
  Liabilities:CreditCard:交通银行           
